Automatically generated by Mendeley Desktop 1.12.4
Any changes to this file will be lost if it is regenerated by Mendeley.

BibTeX export options can be customized via Preferences -> BibTeX in Mendeley Desktop

@article{Moore1985,
author = {Moore, F.K. and Greitzer, E.M.},
file = {:Users/katie/Dropbox/MasterThesis/Literature/ToRead/Moore1985.pdf:pdf},
title = {{A Theory of Post-Stall Transients in Multistage Axial Compression Systems}},
year = {1985}
}
@article{Bj2008,
author = {Bj, Z and Z, B and Tommy, Jan},
doi = {10.1016/j.automatica.2007.11.002},
file = {:Users/katie/Dropbox/MasterThesis/Literature/Bohagen2007.pdf:pdf},
keywords = {active surge control,compressor,nonlinear},
pages = {1135--1140},
title = {{Active surge control of compression system using drive torque ଁ}},
volume = {44},
year = {2008}
}
@article{Moghaddam2011,
author = {Moghaddam, J Javadi and Farahani, M H and Amanifard, N},
doi = {10.1016/j.asoc.2010.02.002},
file = {:Users/katie/Dropbox/MasterThesis/Literature/Moghaddam2011.pdf:pdf},
pages = {1036--1043},
title = {{A neural network-based sliding-mode control for rotating stall and surge in axial compressors}},
volume = {11},
year = {2011}
}
@article{Budinis2015,
author = {Budinis, S},
doi = {10.1016/j.ifacol.2015.08.002},
file = {:Users/katie/Dropbox/MasterThesis/Literature/Budinis2015.pdf:pdf},
issn = {2405-8963},
journal = {IFAC-PapersOnLine},
keywords = {MPC,carbon dioxide,compressor,control,driver torque,recycle,supercritical,surge},
number = {6},
pages = {9--14},
publisher = {Elsevier Ltd.},
title = {{ScienceDirect Control of centrifugal compressors via predictive control for enhanced oil Control of centrifugal compressors via model predictive control for enhanced oil recovery Control model Control of of centrifugal centrifugal compressors compressors via applications model predictive predictive control control for for enhanced enhanced oil oil recovery applications recovery applications recovery applications}},
url = {http://dx.doi.org/10.1016/j.ifacol.2015.08.002},
volume = {48},
year = {2015}
}
@article{Xenos2015,
author = {Xenos, Dionysios P and Cicciotti, Matteo and Kopanos, Georgios M and Bouaswaig, Ala E F and Kahrs, Olaf and Martinez-botas, Ricardo and Thornhill, Nina F},
doi = {10.1016/j.apenergy.2015.01.010},
file = {:Users/katie/Dropbox/MasterThesis/Literature/Xenos2015.pdf:pdf},
issn = {0306-2619},
journal = {Applied Energy},
keywords = {industrial compressors,optimal load sharing,real time optimization},
pages = {51--63},
publisher = {Elsevier Ltd},
title = {{Optimization of a network of compressors in parallel : Real Time Optimization ( RTO ) of compressors in chemical plants – An industrial case study}},
url = {http://dx.doi.org/10.1016/j.apenergy.2015.01.010},
volume = {144},
year = {2015}
}
@article{Boinov2006,
author = {Boinov, Konstantin O and Lomonova, Elena A and Vandenput, Andr\'{e} J A and Member, Senior and Tyagunov, Andrey},
file = {:Users/katie/Dropbox/MasterThesis/Literature/Boinov2006.pdf:pdf},
number = {6},
pages = {1523--1531},
title = {{Centrifugal Compressor}},
volume = {42},
year = {2006}
}
@article{Mirsky2013,
author = {Mirsky, Saul and Moines, Des and Jacobson, Wayne and Moines, Des},
file = {:Users/katie/Dropbox/MasterThesis/Literature/Mirsky2012.pdf:pdf},
title = {{DEVELOPMENT AND DESIGN OF ANTISURGE AND PERFORMANCE CONTROL SYSTEMS}},
year = {2013}
}
@article{Ferreau2014,
author = {Ferreau, Hans Joachim and Kirches, Christian and Potschka, Andreas and Bock, Hans Georg and Diehl, Moritz},
doi = {10.1007/s12532-014-0071-1},
file = {:Users/katie/Dropbox/MasterThesis/Literature/Ferreau2014.pdf:pdf},
keywords = {65k05,active set method,mathematics subject classification 90c20,model predictive control,parametric quadratic programming,quadratic programming},
pages = {327--363},
title = {{qpOASES : a parametric active-set algorithm for quadratic programming}},
year = {2014}
}
@article{Peyrl2015,
author = {Peyrl, Helfried and Cortinovis, Andrea},
file = {:Users/katie/Dropbox/MasterThesis/Literature/Peyrl2015.pdf:pdf},
isbn = {9783952426937},
pages = {2309--2314},
title = {{Computationally Efficient Solution of a Compressor Load Sharing Problem Using the Alternating Direction Method of Multipliers}},
year = {2015}
}
@article{November2010a,
author = {November, Amsterdam},
file = {:Users/katie/Dropbox/MasterThesis/Literature/COTC2010D2.pdf:pdf},
title = {{Turbomachinery Control}},
year = {2010}
}
@article{Molenaar2007,
author = {Molenaar, Zillinger},
file = {:Users/katie/Dropbox/MasterThesis/Literature/Molenaar2007.pdf:pdf},
title = {{Model Predictive Compressor Surge Control}},
year = {2007}
}
@article{Paparella2013,
author = {Paparella, Francesco and Dom\'{\i}nguez, Luis and Cortinovis, Andrea and Mercang\"{o}z, Mehmet and Pareschi, Diego and Bittanti, Sergio},
file = {:Users/katie/Dropbox/MasterThesis/Literature/Paparella2013.pdf:pdf},
isbn = {9783033039629},
pages = {4059--4064},
title = {{Load Sharing Optimization of Parallel Compressors}},
year = {2013}
}
@article{Muske2002,
author = {Muske, Kenneth R and Badgwell, Thomas A},
file = {:Users/katie/Dropbox/MasterThesis/Literature/Muske2001.pdf:pdf},
keywords = {model predictive control,offset-free control,unmeasured disturbance models},
pages = {617--632},
title = {{Disturbance modeling for offset-free linear model predictive control}},
volume = {12},
year = {2002}
}
@article{Ghorbani2008,
author = {Ghorbani, Hadi},
file = {:Users/katie/Dropbox/MasterThesis/Literature/Ghorbani2008.pdf:pdf},
number = {6},
pages = {507--516},
title = {{Constrained Model Predictive Control Implementation for a Heavy-Duty Gas Turbine Power Plant ine System m Descript tion}},
volume = {3},
year = {2008}
}
@article{Shehata2009,
author = {Shehata, Raef S and Abdullah, Hussein A and Areed, Fayez F G},
doi = {10.1016/j.conengprac.2009.02.002},
file = {:Users/katie/Dropbox/MasterThesis/Literature/Shehata2009.pdf:pdf},
keywords = {centrifugal compressors},
pages = {815--833},
title = {{Control Engineering Practice Variable structure surge control for constant speed centrifugal compressors}},
volume = {17},
year = {2009}
}
@article{Smeulers1999,
author = {Group, Control},
file = {:Users/katie/Dropbox/MasterThesis/Literature/Smeulers1999.pdf:pdf},
title = {{Model Predictive Control of compressor installations}}
}
@article{Li2015,
author = {Li, Changzheng and Xu, Siqi and Hu, Zhiqi},
doi = {10.1016/j.proeng.2014.12.707},
file = {:Users/katie/Dropbox/MasterThesis/Literature/Li2014.pdf:pdf},
isbn = {0861370023378},
issn = {1877-7058},
journal = {Procedia Engineering},
keywords = {aerodynamic installbilty,compressor,signal processing,stall,surge},
pages = {1548--1560},
publisher = {Elsevier B.V.},
title = {{Experimental Study of Surge and Rotating Stall Occurring in High- speed Multistage Axial Compressor}},
url = {http://dx.doi.org/10.1016/j.proeng.2014.12.707},
volume = {99},
year = {2015}
}
@article{Lin2014,
author = {Lin, Shu and Yang, Chunjie and Wu, Ping and Song, Zhihuan},
doi = {10.1016/j.isatra.2013.12.031},
file = {:Users/katie/Dropbox/MasterThesis/Literature/Lin2014.pdf:pdf},
issn = {0019-0578},
journal = {ISA Transactions},
keywords = {Backstepping,Fuzzy logic controller,Surge control,Variable speed compressors,fuzzy logic controller,variable speed compressors},
number = {5},
pages = {1389--1395},
publisher = {Elsevier},
title = {{Active surge control for variable speed axial compressors}},
url = {http://dx.doi.org/10.1016/j.isatra.2013.12.031},
volume = {53},
year = {2014}
}
@article{Zhou2015,
author = {Zhou, Junqiang and Fiorentini, Lisa and Canova, Marcello and Wang, Yue-yun and Member, Senior},
file = {:Users/katie/Dropbox/MasterThesis/Literature/Zhou2015.pdf:pdf},
pages = {1--13},
title = {{Coordinated Performance Optimization of a Variable Geometry Compressor With Model Predictive Control for a Turbocharged Diesel Engine}},
year = {2015}
}
@article{Quartarone2013,
author = {Quartarone, Giusi and Anglani, Norma and Riverso, Stefano and Industriale, Ingegneria and Pavia, Pavia},
file = {:Users/katie/Dropbox/MasterThesis/Literature/Quartarone2013.pdf:pdf},
isbn = {9781479902248},
pages = {7892--7897},
title = {{Model Predictive Control : first application of a novel control strategy for adjustable speed drive compressors}},
year = {2013}
}
@article{Oevervaag2013,
author = {\O verv\aa g, Thomas Ferstad},
file = {:Users/katie/Dropbox/MasterThesis/Literature/Overvag2013.pdf:pdf},
number = {March},
title = {{Centrifugal Compressor Load Sharing with the use of MPC}},
year = {2013}
}
@article{November2010,
author = {November, Amsterdam},
file = {:Users/katie/Dropbox/MasterThesis/Literature/COTC2010D1.pdf:pdf},
title = {{Turbomachinery Control}},
year = {2010}
}
@article{Bentaleb2014,
author = {Bentaleb, Toufik and Cacitti, Alessio and Franciscis, Sergio De and Garulli, Andrea},
file = {:Users/katie/Dropbox/MasterThesis/Literature/Bentaleb2014.pdf:pdf},
isbn = {9781479974092},
keywords = {Linear robust control,Predictive control,Process control},
title = {{Multivariable Control for Regulating High Pressure Centrifugal Compressor with Variable Speed and IGV}},
year = {2014}
}
@article{Cortinovis2014a,
author = {Cortinovis, Andrea and Zovadelli, Matteo and Mercang, Mehmet and Pareschi, Diego and Marco, Antonio De and Bittanti, Sergio},
file = {:Users/katie/Dropbox/MasterThesis/Literature/Cortinovis2014b.pdf:pdf},
isbn = {9783952426913},
pages = {1036--1041},
title = {{Online Adaptation of Performance Maps for Centrifugal Gas Compressors}},
year = {2014}
}
@article{Cortinovis2014,
author = {Cortinovis, Andrea and Ferreau, Hans Joachim and Lewandowski, Daniel and Mercang, Mehmet},
file = {:Users/katie/Dropbox/MasterThesis/Literature/Cortinovis2014.pdf:pdf},
isbn = {9781467360906},
pages = {3982--3987},
title = {{Safe and Efficient Operation of Centrifugal Compressors using linearized MPC}},
year = {2014}
}
@article{Darby2012,
author = {Darby, Mark L and Nikolaou, Michael},
doi = {10.1016/j.conengprac.2011.12.004},
file = {:Users/katie/Dropbox/MasterThesis/Literature/Darby2012.pdf:pdf},
issn = {0967-0661},
journal = {Control Engineering Practice},
keywords = {Constraints,Control system design,Model predictive control,Model-based control,Modeling,Process identification.,model predictive control},
number = {4},
pages = {328--342},
publisher = {Elsevier},
title = {{Control Engineering Practice MPC : Current practice and challenges}},
url = {http://dx.doi.org/10.1016/j.conengprac.2011.12.004},
volume = {20},
year = {2012}
}
@article{Galindo2008,
author = {Galindo, J and Serrano, J R and Climent, H and Tiseira, A},
doi = {10.1016/j.expthermflusci.2007.10.001},
file = {:Users/katie/Dropbox/MasterThesis/Literature/Galindo2008.pdf:pdf},
keywords = {centrifugal compressor,compressor modelling,surge,turbocharger},
pages = {818--826},
title = {{Experiments and modelling of surge in small centrifugal compressor for automotive engines}},
volume = {d},
year = {2008}
}
@article{Tommy2002,
author = {Tommy, Jan and Egeland, Olav and Ove, Svein},
file = {:Users/katie/Dropbox/MasterThesis/Literature/Gravdahl2002.pdf:pdf},
keywords = {active control,actuators,centrifugal compressors,exponentially stable,lyapunov methods,nonlinear control},
pages = {1881--1893},
title = {{Drive torque actuation in active surge control of centrifugal compressors}},
volume = {38},
year = {2002}
}
@phdthesis{Aaslid2009,
author = {Aaslid, Per},
file = {:Users/katie/Dropbox/MasterThesis/Literature/Aaslid2009.pdf:pdf},
number = {June},
school = {Norwegian University of Science and Technology},
title = {{Modelling of variable speed centrifugal compressors for anti-surge control}},
type = {Master Thesis},
year = {2009}
}
@article{Verwee2010,
author = {Verwee, Arsene},
file = {:Users/katie/Dropbox/MasterThesis/Literature/COTC2010D3.pdf:pdf},
title = {{Gas Turbine Control}},
year = {2010}
}
@article{Cortinovis2015,
author = {Cortinovis, A and Ferreau, H J and Lewandowski, D and Mercang\"{o}z, M},
doi = {10.1016/j.jprocont.2015.07.001},
file = {:Users/katie/Dropbox/MasterThesis/Literature/Cortinovis2015.pdf:pdf},
issn = {0959-1524},
journal = {Journal of Process Control},
keywords = {centrifugal gas compressors,model predictive control,modeling and identification},
pages = {13--25},
publisher = {Elsevier Ltd},
title = {{Experimental evaluation of MPC-based anti-surge and process control for electric driven centrifugal gas compressors}},
url = {http://dx.doi.org/10.1016/j.jprocont.2015.07.001},
volume = {34},
year = {2015}
}
@article{Gravdahl1998,
author = {Gravdahl, Jan Tommy},
file = {:Users/katie/Dropbox/MasterThesis/Literature/Gravdahl1998.pdf:pdf},
title = {{Modeling and Control of Surge and Rotating Stall in Compressors}},
year = {1998}
}
@misc{Blotenberg1984,
author = {Blotenberg, Wilfried and Jeske, Hans-Otto and Voss, Heinrich},
file = {:Users/katie/Dropbox/MasterThesis/Literature/Blotenberg1984.pdf:pdf},
title = {{Design, control and startup features of three parallel-working propane compressors each having three stage groups}},
year = {1984}
}
@article{Batson1996,
author = {Corporation, Compressor Controls and Moines, Des},
file = {:Users/katie/Dropbox/MasterThesis/Literature/Batson1996.pdf:pdf},
title = {{INVARIANT COORDINATE SYSTEMS}},
year = {1996}
}
@article{Gravdahl,
author = {Gravdahl, Tommy and Egeland, Olav},
file = {:Users/katie/Dropbox/MasterThesis/Literature/Gravdahl.pdf:pdf},
pages = {1--5},
title = {{Passivity based compressor surge control using a close-coupled valve}}
}
